@inproceedings{ingalls2008lively,
  title={The lively kernel a self-supporting system on a web page},
  author={Ingalls, Daniel and Palacz, Krzysztof and Uhler, Stephen and Taivalsaari, Antero and Mikkonen, Tommi},
  booktitle={Workshop on Self-sustaining Systems},
  pages={31--50},
  year={2008},
  organization={Springer}
}
@inproceedings{krahn2009lively,
  title={Lively wiki a development environment for creating and sharing active web content},
  author={Krahn, Robert and Ingalls, Dan and Hirschfeld, Robert and Lincke, Jens and Palacz, Krzysztof},
  booktitle={Proceedings of the 5th international Symposium on Wikis and Open Collaboration},
  pages={1--10},
  year={2009}
}
@inproceedings{lincke2012lively,
  title={The Lively PartsBin--A Cloud-Based Repository for Collaborative Development of Active Web Content},
  author={Lincke, Jens and Krahn, Robert and Ingalls, Dan and Roder, Marko and Hirschfeld, Robert},
  booktitle={2012 45th Hawaii International Conference on System Sciences},
  pages={693--701},
  year={2012},
  organization={IEEE}
}
@inproceedings{kubelka2018road,
  title={The road to live programming: insights from the practice},
  author={Kubelka, Juraj and Robbes, Romain and Bergel, Alexandre},
  booktitle={2018 IEEE/ACM 40th International Conference on Software Engineering (ICSE)},
  pages={1090--1101},
  year={2018},
  organization={IEEE}
}
@inproceedings{ingalls2016world,
  title={A world of active objects for work and play: the first ten years of lively},
  author={Ingalls, Daniel and Felgentreff, Tim and Hirschfeld, Robert and Krahn, Robert and Lincke, Jens and R{\"o}der, Marko and Taivalsaari, Antero and Mikkonen, Tommi},
  booktitle={Proceedings of the 2016 ACM International Symposium on New Ideas, New Paradigms, and Reflections on Programming and Software},
  pages={238--249},
  year={2016}
}
@inproceedings{taivalsaari2017web,
  title={The web as a software platform: Ten years later},
  author={Taivalsaari, Antero and Mikkonen, Tommi},
  booktitle={International Conference on Web Information Systems and Technologies},
  volume={2},
  pages={41--50},
  year={2017},
  organization={SCITEPRESS}
}
@article{andersen2020adding,
  title={Adding interactive visual syntax to textual code},
  author={Andersen, Leif and Ballantyne, Michael and Felleisen, Matthias},
  journal={Proceedings of the ACM on Programming Languages},
  volume={4},
  number={OOPSLA},
  pages={1--28},
  year={2020},
  publisher={ACM New York, NY, USA}
}
@inproceedings{ungar1987self,
  title={Self: The power of simplicity},
  author={Ungar, David and Smith, Randall B},
  booktitle={Conference proceedings on Object-oriented programming systems, languages and applications},
  pages={227--242},
  year={1987}
}
@article{maloney2010scratch,
  title={The scratch programming language and environment},
  author={Maloney, John and Resnick, Mitchel and Rusk, Natalie and Silverman, Brian and Eastmond, Evelyn},
  journal={ACM Transactions on Computing Education (TOCE)},
  volume={10},
  number={4},
  pages={1--15},
  year={2010},
  publisher={ACM New York, NY, USA}
}
@inproceedings{maloney1995directness,
  title={Directness and liveness in the morphic user interface construction environment},
  author={Maloney, John H and Smith, Randall B},
  booktitle={Proceedings of the 8th annual ACM symposium on User interface and software technology},
  pages={21--28},
  year={1995}
}
@mscthesis{hemmings2016thin,
  title={Thin client collaborative visualizations using the distributed cloud},
  author={Hemmings, Matthew},
  year={2016}
}
@inproceedings{ingalls1997back,
  title={Back to the future: the story of Squeak, a practical Smalltalk written in itself},
  author={Ingalls, Dan and Kaehler, Ted and Maloney, John and Wallace, Scott and Kay, Alan},
  booktitle={Proceedings of the 12th ACM SIGPLAN conference on Object-oriented programming, systems, languages, and applications},
  pages={318--326},
  year={1997}
}
@inproceedings{hemmings2016livetalk,
  title={Livetalk: A framework for collaborative browser-based replicated-computation applications},
  author={Hemmings, Matthew and Ingalls, Daniel and Krahn, Robert and McGeer, Rick and Ricart, Glenn and R{\"o}der, Marko and Stege, Ulrike},
  booktitle={2016 28th International Teletraffic Congress (ITC 28)},
  volume={1},
  pages={270--277},
  year={2016},
  organization={IEEE}
}
@book{lawson2011introducing,
  title={Introducing html5},
  author={Lawson, Bruce and Sharp, Remy},
  year={2011},
  publisher={New Riders}
}
@book{kluyver2016jupyter,
  title={Jupyter Notebooks-a publishing format for reproducible computational workflows.},
  author={Kluyver, Thomas and Ragan-Kelley, Benjamin and P{\'e}rez, Fernando and Granger, Brian E and Bussonnier, Matthias and Frederic, Jonathan and Kelley, Kyle and Hamrick, Jessica B and Grout, Jason and Corlay, Sylvain and others},
  volume={2016},
  year={2016}
}
 @misc{bostock, title={Data-driven documents}, url={https://d3js.org/}, journal={D3.js}, author={Bostock, Mike}} 
 @techreport{crockford2006application,
  title={The application/json media type for javascript object notation (json)},
  author={Crockford, Douglas},
  year={2006}
}

@misc{lively-next,
    title={lively.next},
    author={Schrieber, Robin and Krahn, Robert and Hagemann, Linus},
    booktitle={GitHub},
    year={2021}
}

 @misc{chartjs, title={Chart.js}, url={https://www.chartjs.org/}, journal={Chart.js | Open source HTML5 Charts for your website}} 

 @misc{comms, title={Comms}, url={https://jupyter-notebook.readthedocs.io/en/stable/comms.html}, journal={Comms - Jupyter Notebook 6.4.11 documentation}} 

@book{d2013handbook,
  title={Handbook of tableau methods},
  author={D'Agostino, Marcello and Gabbay, Dov M and H{\"a}hnle, Reiner and Posegga, Joachim},
  year={2013},
  publisher={Springer Science \& Business Media}
}

@misc{devaney-pivot,
  title = {How to Create a Pivot Table in Excel: A Step-by-Step Tutorial},
  author = {Erik Devaney},
  url = {https://blog.hubspot.com/marketing/how-to-create-pivot-table-tutorial-ht},
  publisher = {hubspot}
}

 @misc{looker, title={Looker}, url={https://lookert/}} 

 @misc{google-charts, title={Charts: google developers}, url={https://developers.google.com/chart/}, journal={Google}, publisher={Google}} 

 @misc{holoviz, title={High-level tools to simplify visualization in python}, url={https://holoviz.org/}, journal={High-level tools to simplify visualization in Python - HoloViz 0.14.0 documentation}, year={2022}, month={Apr}} 


 @misc{holoviews, title={Installation - holoviews v1.14.9}, url={https://holoviews.org/}, journal={Installation - HoloViews v1.14.9}, year={2022}, month={May}} 

 @misc{ipywidgets, title={Ipywidgets}, url={https://ipywidgets.readthedocs.io/en/latest/}, journal={ipywidgets}} 
 @misc{json, title={Introducing json}, url={https://www.json.org/json-en.html}, journal={JSON}} 

 @misc{jupyterlab, title={JupyterLab documentation}, url={https://jupyterlab.readthedocs.io/en/stable/}, journal={JupyterLab Documentation - JupyterLab 3.4.2 documentation}} 

 @misc{leaflet, title={An open-source JavaScript library for interactive maps}, url={https://leafletjs.com/}, journal={Leaflet}} 


 @misc{ono, url={https://cytoscape.org/}, journal={Cytoscape}, author={Ono, Keiichiro}} 

 @misc{openlayers, title={OpenLayers}, url={https://openlayers.org/}, journal={OpenLayers}} 

 @misc{panel, title={Panel}, url={https://panel.holoviz.org/}, journal={Panel Documentation - Panel v0.13.1}, year={2022}, month={May}} 

 @misc{plotly, title={Dash overview}, url={https://plotly.com/dash/}, journal={Plotly}} 

 @misc{mdnMessage, title={Window.postMessage() - web apis: MDN}, url={https://developer.mozilla.org/en-US/docs/Web/API/Window/postMessage}, journal={Web APIs | MDN}} 