@article{saadatnia2012review,
  title     = {A review on human toxoplasmosis},
  author    = {Saadatnia, Geita and Golkar, Majid},
  journal   = {Scandinavian journal of infectious diseases},
  volume    = {44},
  number    = {11},
  pages     = {805--814},
  year      = {2012},
  publisher = {Taylor \& Francis}
}
@article{fazeli2020automated,
  title     = {Automated cell tracking using StarDist and TrackMate},
  author    = {Fazeli, Elnaz and Roy, Nathan H and Follain, Gautier and Laine, Romain F and von Chamier, Lucas and H{\"a}nninen, Pekka E and Eriksson, John E and Tinevez, Jean-Yves and Jacquemet, Guillaume},
  journal   = {F1000Research},
  volume    = {9},
  year      = {2020},
  publisher = {Faculty of 1000 Ltd}
}
@inproceedings{fazli2018unsupervised,
  title        = {Unsupervised discovery of toxoplasma gondii motility phenotypes},
  author       = {Fazli, Mojtaba S and Velia, Stephen A and Moreno, Silvia NJ and Quinn, Shannon},
  booktitle    = {2018 IEEE 15th International Symposium on Biomedical Imaging (ISBI 2018)},
  pages        = {981--984},
  year         = {2018},
  organization = {IEEE}
}
@inproceedings{fazli2018toward,
  title        = {Toward simple \& scalable 3D cell tracking},
  author       = {Fazli, Mojtaba S and Vella, Stephen A and Moreno, Silvia NJ and Ward, Gary E and Quinn, Shannon P},
  booktitle    = {2018 IEEE International Conference on Big Data (Big Data)},
  pages        = {3217--3225},
  year         = {2018},
  organization = {IEEE}
}
@inproceedings{fazli2019lightweight,
  title        = {Lightweight and scalable particle tracking and motion clustering of 3D cell trajectories},
  author       = {Fazli, Mojtaba Sedigh and Stadler, Rachel V and Alaila, BahaaEddin and Vella, Stephen A and Moreno, Silvia NJ and Ward, Gary E and Quinn, Shannon},
  booktitle    = {2019 IEEE International Conference on Data Science and Advanced Analytics (DSAA)},
  pages        = {412--421},
  year         = {2019},
  organization = {IEEE}
}
@article{Wen2021-bn,
  title     = {{3DeeCellTracker}, a deep learning-based pipeline for segmenting
               and tracking cells in {3D} time lapse images},
  author    = {Wen, Chentao and Miura, Takuya and Voleti, Venkatakaushik and
               Yamaguchi, Kazushi and Tsutsumi, Motosuke and Yamamoto, Kei and
               Otomo, Kohei and Fujie, Yukako and Teramoto, Takayuki and
               Ishihara, Takeshi and Aoki, Kazuhiro and Nemoto, Tomomi and
               Hillman, Elizabeth Mc and Kimura, Koutarou D},
  journal   = {Elife},
  publisher = {eLife Sciences Publications, Ltd},
  volume    = 10,
  month     = mar,
  year      = 2021,
  keywords  = {C. elegans; bioimaging; cell tracking; computational biology;
               deep learning; neuroscience; quantitative biology; systems
               biology; zebrafish},
  copyright = {http://creativecommons.org/licenses/by/4.0/},
}
@inproceedings{kapoor2021cell,
  title     = {Cell Tracking in 3D using deep learning segmentations},
  author    = {Kapoor, Varun and Caraba{\~n}a, Claudia},
  booktitle = {Python in Science Conference},
  pages     = {154--161},
  year      = {2021}
}