@book{vallado_fundamentals_2007,
	address = {Hawthorne, Calif.},
	edition = {3. ed., 1. printing},
	series = {Space technology library},
	title = {Fundamentals of astrodynamics and applications},
	isbn = {9781881883142 9780387718316},
	language = {eng},
	number = {21},
	publisher = {Microcosm Press [u.a.]},
	author = {Vallado, David A. and McClain, Wayne D.},
	year = {2007},
}

@book{battin_introduction_1999,
	address = {Reston, VA},
	title = {An {Introduction} to the {Mathematics} and {Methods} of {Astrodynamics}, {Revised} {Edition}},
	isbn = {9781563473425 9781600861543},
	url = {https://arc.aiaa.org/doi/book/10.2514/4.861543},
	language = {en},
	urldate = {2022-05-27},
	publisher = {American Institute of Aeronautics and Astronautics, Inc.},
	author = {Battin, Richard H.},
	month = jan,
	year = {1999},
	doi = {10.2514/4.861543},
}
