@article{lu2018learning,
  title={Learning under concept drift: A review},
  author={Lu, Jie and Liu, Anjin and Dong, Fan and Gu, Feng and Gama, Joao and Zhang, Guangquan},
  journal={IEEE Transactions on Knowledge and Data Engineering},
  volume={31},
  number={12},
  pages={2346--2363},
  year={2018},
  publisher={IEEE}
}

@inproceedings{richardson2022loss,
  title={Loss as the Inconsistency of a Probabilistic Dependency Graph: Choose Your Model, Not Your Loss Function},
  author={Richardson, Oliver E},
  booktitle={International Conference on Artificial Intelligence and Statistics},
  pages={2706--2735},
  year={2022},
  organization={PMLR}
}

@inproceedings{qahtan2015pca,
  title={A pca-based change detection framework for multidimensional data streams: Change detection in multidimensional data streams},
  author={Qahtan, Abdulhakim A and Alharbi, Basma and Wang, Suojin and Zhang, Xiangliang},
  booktitle={Proceedings of the 21th ACM SIGKDD International Conference on Knowledge Discovery and Data Mining},
  pages={935--944},
  year={2015},
  doi={10.1145/2783258.2783359}
}
@inproceedings{dasu2006information,
  title={An information-theoretic approach to detecting changes in multi-dimensional data streams},
  author={Dasu, Tamraparni and Krishnan, Shankar and Venkatasubramanian, Suresh and Yi, Ke},
  booktitle={In Proc. Symp. on the Interface of Statistics, Computing Science, and Applications},
  year={2006},
  organization={Citeseer}
}

@inproceedings{lopez2017revisiting,
  title={Revisiting classifier two-sample tests},
  author={Lopez-Paz, David and Oquab, Maxime},
  booktitle={International Conference on Learning Representations},
  year={2017}
}

@book{quinonero2008dataset,
  title={Dataset shift in machine learning},
  author={Qui{\~n}onero-Candela, Joaquin and Sugiyama, Masashi and Schwaighofer, Anton and Lawrence, Neil D},
  year={2008},
  publisher={Mit Press}
}


@book{english,
  title={Improving Data Warehouse and Business Information Quality: Methods for Reducing Costs and Increasing Profits},
  author={English, Larry},
  year={1999},
  publisher={Wiley},
  isbn="978-0-471-25383-9",
}

@Inbook{Fischer2011,
author="Fischer, Hans",
title="The Central Limit Theorem from Laplace to Cauchy: Changes in Stochastic Objectives and in Analytical Methods",
bookTitle="A History of the Central Limit Theorem: From Classical to Modern Probability Theory",
year="2011",
publisher="Springer New York",
address="New York, NY",
pages="17--74",
isbn="978-0-387-87857-7",
doi="10.1007/978-0-387-87857-7_2",
url="https://doi.org/10.1007/978-0-387-87857-7_2"
}

@article{bonferroni1936teoria,
  title={Teoria statistica delle classi e calcolo delle probabilita},
  author={Bonferroni, Carlo},
  journal={Pubblicazioni del R Istituto Superiore di Scienze Economiche e Commericiali di Firenze},
  volume={8},
  pages={3--62},
  year={1936}
}

@software{
    alibi-detect,
    author = {Van Looveren, Arnaud and Klaise, Janis and Vacanti, Giovanni and Cobb, Oliver and Scillitoe, Ashley and Samoilescu, Robert},
    month = {4},
    title = {{Alibi Detect: Algorithms for outlier, adversarial and drift detection}},
    url = {https://github.com/SeldonIO/alibi-detect},
    version = {0.9.1},
    year = {2022}
 }

@article{pesaranghader2018reservoir,
  title={Reservoir of diverse adaptive learners and stacking fast hoeffding drift detection methods for evolving data streams},
  author={Pesaranghader, Ali and Viktor, Herna and Paquet, Eric},
  journal={Machine Learning},
  volume={107},
  number={11},
  pages={1711--1743},
  year={2018},
  publisher={Springer}
}

@inproceedings{street2001streaming,
  title={A streaming ensemble algorithm (SEA) for large-scale classification},
  author={Street, W Nick and Kim, YongSeog},
  booktitle={Proceedings of the seventh ACM SIGKDD international conference on Knowledge discovery and data mining},
  pages={377--382},
  year={2001}
}

@inproceedings{fan2004systematic,
  title={Systematic data selection to mine concept-drifting data streams},
  author={Fan, Wei},
  booktitle={Proceedings of the tenth ACM SIGKDD international conference on Knowledge discovery and data mining},
  pages={128--137},
  year={2004}
}

@software{jim_pivarski_2016_61418,
  author       = {Jim Pivarski and
                  Alexey Svyatkovskiy and
                  Ferdinand Schenck and
                  Bill Engels},
  title        = {histogrammar-python: 1.0.0},
  month        = sep,
  year         = 2016,
  publisher    = {Zenodo},
  doi          = {10.5281/zenodo.61418},
  url          = {https://doi.org/10.5281/zenodo.61418}
}


@article{anscome,
  title={Graphs in Statistical Analysis},
  author={Anscome, F.J.},
  journal={American Statistician. 27 (1)},
  pages={17--21},
  year={1973}
}


@inproceedings{matejka2017same,
  title={Same stats, different graphs: generating datasets with varied appearance and identical statistics through simulated annealing},
  author={Matejka, Justin and Fitzmaurice, George},
  booktitle={Proceedings of the 2017 CHI conference on human factors in computing systems},
  pages={1290--1294},
  year={2017}
}

@software{jim_pivarski_2021_4660177,
  author       = {Jim Pivarski and
                  Alexey Svyatkovskiy},
  title        = {histogrammar/histogrammar-scala: v1.0.20},
  month        = apr,
  year         = 2021,
  publisher    = {Zenodo},
  version      = {v1.0.20},
  doi          = {10.5281/zenodo.4660177},
  url          = {https://doi.org/10.5281/zenodo.4660177}
}

@article{rabanser2019failing,
  title={Failing loudly: An empirical study of methods for detecting dataset shift},
  author={Rabanser, Stephan and G{\"u}nnemann, Stephan and Lipton, Zachary},
  journal={Advances in Neural Information Processing Systems},
  volume={32},
  year={2019}
}

@article{klaise2020monitoring,
  title={Monitoring and explainability of models in production},
  author={Klaise, Janis and Van Looveren, Arnaud and Cox, Clive and Vacanti, Giovanni and Coca, Alexandru},
  journal={arXiv preprint arXiv:2007.06299},
  year={2020}
}

@article{lundberg2017unified,
  title={A unified approach to interpreting model predictions},
  author={Lundberg, Scott M and Lee, Su-In},
  journal={Advances in neural information processing systems},
  volume={30},
  year={2017}
}

@article{sturmfels2020visualizing,
  author = {Sturmfels, Pascal and Lundberg, Scott and Lee, Su-In},
  title = {Visualizing the Impact of Feature Attribution Baselines},
  journal = {Distill},
  year = {2020},
  note = {https://distill.pub/2020/attribution-baselines},
  doi = {10.23915/distill.00022}
}

@inproceedings{lipton2018detecting,
  title={Detecting and correcting for label shift with black box predictors},
  author={Lipton, Zachary and Wang, Yu-Xiang and Smola, Alexander},
  booktitle={International conference on machine learning},
  pages={3122--3130},
  year={2018},
  organization={PMLR}
}


@Article{chebyshev1867valeurs,
  title={Des valeurs moyennes, Liouville's},
  author={Chebyshev, Pafnutii Lvovich},
  journal={J. Math. Pures Appl.},
  volume={12},
  pages={177--184},
  year={1867}
}

@Article{         harris2020array,
 title         = {Array programming with {NumPy}},
 author        = {Charles R. Harris and K. Jarrod Millman and St{\'{e}}fan J.
                 van der Walt and Ralf Gommers and Pauli Virtanen and David
                 Cournapeau and Eric Wieser and Julian Taylor and Sebastian
                 Berg and Nathaniel J. Smith and Robert Kern and Matti Picus
                 and Stephan Hoyer and Marten H. van Kerkwijk and Matthew
                 Brett and Allan Haldane and Jaime Fern{\'{a}}ndez del
                 R{\'{i}}o and Mark Wiebe and Pearu Peterson and Pierre
                 G{\'{e}}rard-Marchant and Kevin Sheppard and Tyler Reddy and
                 Warren Weckesser and Hameer Abbasi and Christoph Gohlke and
                 Travis E. Oliphant},
 year          = {2020},
 month         = sep,
 journal       = {Nature},
 volume        = {585},
 number        = {7825},
 pages         = {357--362},
 doi           = {10.1038/s41586-020-2649-2},
 publisher     = {Springer Science and Business Media {LLC}},
 url           = {https://doi.org/10.1038/s41586-020-2649-2}
}

@ARTICLE{2020SciPy-NMeth,
  author  = {Virtanen, Pauli and Gommers, Ralf and Oliphant, Travis E. and
            Haberland, Matt and Reddy, Tyler and Cournapeau, David and
            Burovski, Evgeni and Peterson, Pearu and Weckesser, Warren and
            Bright, Jonathan and {van der Walt}, St{\'e}fan J. and
            Brett, Matthew and Wilson, Joshua and Millman, K. Jarrod and
            Mayorov, Nikolay and Nelson, Andrew R. J. and Jones, Eric and
            Kern, Robert and Larson, Eric and Carey, C J and
            Polat, {\.I}lhan and Feng, Yu and Moore, Eric W. and
            {VanderPlas}, Jake and Laxalde, Denis and Perktold, Josef and
            Cimrman, Robert and Henriksen, Ian and Quintero, E. A. and
            Harris, Charles R. and Archibald, Anne M. and
            Ribeiro, Ant{\^o}nio H. and Pedregosa, Fabian and
            {van Mulbregt}, Paul and {SciPy 1.0 Contributors}},
  title   = {{{SciPy} 1.0: Fundamental Algorithms for Scientific
            Computing in Python}},
  journal = {Nature Methods},
  year    = {2020},
  volume  = {17},
  pages   = {261--272},
  adsurl  = {https://rdcu.be/b08Wh},
  doi     = {10.1038/s41592-019-0686-2},
}

@article{zaharia2016apache,
  title={Apache spark: a unified engine for big data processing},
  author={Zaharia, Matei and Xin, Reynold S and Wendell, Patrick and Das, Tathagata and Armbrust, Michael and Dave, Ankur and Meng, Xiangrui and Rosen, Josh and Venkataraman, Shivaram and Franklin, Michael J and others},
  journal={Communications of the ACM},
  volume={59},
  number={11},
  pages={56--65},
  year={2016},
  publisher={ACM New York, NY, USA}
}

@InProceedings{ mckinney-proc-scipy-2010,
  author    = { {W}es {M}c{K}inney },
  title     = { {D}ata {S}tructures for {S}tatistical {C}omputing in {P}ython },
  booktitle = { {P}roceedings of the 9th {P}ython in {S}cience {C}onference },
  pages     = { 56 - 61 },
  year      = { 2010 },
  editor    = { {S}t\'efan van der {W}alt and {J}arrod {M}illman },
  doi       = { 10.25080/Majora-92bf1922-00a }
}

@software{reback2020pandas,
    author       = {The pandas development team},
    title        = {pandas-dev/pandas: Pandas},
    month        = feb,
    year         = 2020,
    publisher    = {Zenodo},
    version      = {latest},
    doi          = {10.5281/zenodo.3509134},
    url          = {https://doi.org/10.5281/zenodo.3509134}
}

@software{Gong_Great_Expectations,
    author = {Gong, Abe and Campbell, James and {Superconductive} and {Great Expectations}},
    license = {Apache-2.0},
    title = {{Great Expectations}},
    url = {https://github.com/great-expectations/great_expectations},
    year = {2022}
}

@inproceedings{chen2020developments,
  title={Developments in mlflow: A system to accelerate the machine learning lifecycle},
  author={Chen, Andrew and Chow, Andy and Davidson, Aaron and DCunha, Arjun and Ghodsi, Ali and Hong, Sue Ann and Konwinski, Andy and Mewald, Clemens and Murching, Siddharth and Nykodym, Tomas and others},
  booktitle={Proceedings of the fourth international workshop on data management for end-to-end machine learning},
  pages={1--4},
  year={2020}
}

@article{page1954continuous,
  title={Continuous inspection schemes},
  author={Page, Ewan S},
  journal={Biometrika},
  volume={41},
  number={1/2},
  pages={100--115},
  year={1954},
  publisher={JSTOR}
}