@article{
    oxy16,
    title="HIV infection linked to injection use of oxymorphone in Indiana, 2014–2015",
    volume="375",
    number="3",
    journal="New England Journal of Medicine",
    author="Peters, Philip J. and Pontones, Pamela and Hoover, Karen W. and Patel, Monita R. and Galang, Romeo R. and Shields, Jessica and Blosser, Sara J. and Spiller, Michael W. and Combs, Brittany and Switzer, William M. and et al.",
    year="2016",
    pages="229–239",
    doi="10.1056/NEJMoa1515195"
}

@article{
    sco18,
    title="Dynamics of the HIV outbreak and response in Scott County, in, USA, 2011–15: A modelling study",
    volume="5",
    number="10",
    journal="The Lancet HIV",
    author="Gonsalves, Gregg S and Crawford, Forrest W",
    year="2018",
    doi="10.1016/s2352-3018(18)30176-0"
}

@article{
    pol17,
    title="The Needle and the damage done: Indiana's response to the 2015 HIV epidemic and the need to change state and federal policies regarding needle exchanges and intravenous drug users",
    volume="14",
    number="2",
    journal="Indiana Health Law Review",
    author="Golding, Nicholas J.",
    year="2017",
    pages="173",
    doi="10.18060/3911.0038"
}

@article{
    vul16,
    title="County-level vulnerability assessment for rapid dissemination of HIV or HCV infections among persons who inject drugs, United States",
    volume="73",
    number="3",
    journal="JAIDS Journal of Acquired Immune Deficiency Syndromes",
    author="Van Handel, Michelle M. and Rose, Charles E. and Hallisey, Elaine J. and Kolling, Jessica L. and Zibbell, Jon E. and Lewis, Brian and Bohm, Michele K. and Jones, Christopher M. and Flanagan, Barry E. and Siddiqi, Azfar-E-Alam and et al.",
    year="2016",
    pages="323–331",
    doi="10.1097/qai.0000000000001098"
}

@misc{
    vec13,
    url = "https://arxiv.org/abs/1301.3781",
    author = "Mikolov, Tomas and Chen, Kai and Corrado, Greg and Dean, Jeffrey",
    keywords = "Computation and Language (cs.CL), FOS: Computer and information sciences, FOS: Computer and information sciences",
    title = "Efficient Estimation of Word Representations in Vector Space",
    publisher = "arXiv",
    year = "2013",
    copyright = "arXiv.org perpetual, non-exclusive license",
    doi = "10.48550/ARXIV.1301.3781"
}

@inproceedings{
    dwe18,
    author = "Yao, Zijun and Sun, Yifan and Ding, Weicong and Rao, Nikhil and Xiong, Hui",
    title = "Dynamic Word Embeddings for Evolving Semantic Discovery",
    year = "2018",
    isbn = "9781450355810",
    publisher = "Association for Computing Machinery",
    address = "New York, NY, USA",
    url = "https://doi.org/10.1145/3159652.3159703",
    booktitle = "Proceedings of the Eleventh ACM International Conference on Web Search and Data Mining:",
    pages = "673–681",
    numpages = "9",
    keywords = "word semantic analysis, dynamic word embeddings",
    location = "Marina Del Rey, CA, USA",
    series = "WSDM '18",
    doi = "10.1145/3159652.3159703"
}

@article{
    dia16,
    author = "William L. Hamilton and Jure Leskovec and Dan Jurafsky",
    title = "Diachronic Word Embeddings Reveal Statistical Laws of Semantic Change",
    journal = "CoRR",
    volume = "abs/1605.09096",
    year = "2016",
    url = "http://arxiv.org/abs/1605.09096",
    eprinttype = "arXiv",
    eprint = "1605.09096",
    timestamp = "Mon, 13 Aug 2018 16:48:39 +0200",
    biburl = "https://dblp.org/rec/journals/corr/HamiltonLJ16.bib",
    bibsource = "dblp computer science bibliography, https://dblp.org",
    doi="10.48550/arXiv.1605.09096"
}

@inproceedings{glv14,
    title = "{G}lo{V}e: Global Vectors for Word Representation",
    author = "Pennington, Jeffrey  and Socher, Richard  and Manning, Christopher",
    booktitle = "Proceedings of the 2014 Conference on Empirical Methods in Natural Language Processing ({EMNLP})",
    year = "2014",
    address = "Doha, Qatar",
    publisher = "Association for Computational Linguistics",
    url = "https://aclanthology.org/D14-1162",
    pages = "1532-1543",
    doi = "10.3115/v1/D14-1162"
}

@misc{
    dva05,
    title={Va.gov: Veterans Affairs},
    url={https://www.hiv.va.gov/provider/glossary/index.asp},
    journal={Glossary of HIV/AIDS Terms},
    publisher={U.S. Department of Veterans Affairs},
    year={2005},
    month={Dec}
}
    
@article{cwv20,
    title="Notes from the Field: Outbreak of Human Immunodeficiency Virus Infection Among Persons Who Inject Drugs — Cabell County, West Virginia, 2018–2019",
    url="https://www.cdc.gov/mmwr/volumes/69/wr/mm6916a2.htm",
    volume="69",
    number="16",
    journal="Morbidity and Mortality Weekly Report",
    author="Atkins A, McClung RP, Kilkenny M",
    year="2020",
    pages="499-500",
    doi="10.15585/mmwr.mm6916a2"
}  

@misc{
    bdt18,
    title = "BERT: Pre-training of Deep Bidirectional Transformers for Language Understanding",
    url = "https://arxiv.org/abs/1810.04805",
    author = "Devlin, Jacob and Chang, Ming-Wei and Lee, Kenton and Toutanova, Kristina",
    publisher = "arXiv",
    year = "2018",
    doi = "00.48550/ARXIV.1810.04805"
}

@inproceedings{
    ctr19,
    title = "A {BERT}-based Universal Model for Both Within- and Cross-sentence Clinical Temporal Relation Extraction",
    url = "https://aclanthology.org/W19-1908",
    author = "Chen Lin, Timothy Miller, Dmitriy Dligach, Steven Bethard, Savova Guergana",
    booktitle = "Proceedings of the 2nd Clinical Natural Language Processing Workshop",
    year = "2019",
    publisher = "Association for Computational Linguistics",
    pages = "65-71",
    doi = "10.18653/v1/W19-1908"
}

@article{
    sim15,
    title = "{S}im{L}ex-999: Evaluating Semantic Models With (Genuine) Similarity Estimation",
    author = "Felix Hill, Roi Reichart, Anna Korhonen",
    journal = "Computational Linguistics",
    volume = "41",
    number = "4",
    month = dec,
    year = "2015",
    address = "Cambridge, MA",
    publisher = "MIT Press",
    url = "https://aclanthology.org/J15-4004",
    doi = "10.1162/COLI_a_00237",
    pages = "665-695"
}

@article{
    ewe19,
    title = "Evaluating Word Embedding Models: Methods and Experimental Results",
    doi = "10.1017/atsip.2019.12",
    url = "https://doi.org/10.1017%2Fatsip.2019.12",
    year = "2019",
    publisher = "Now Publishers",
    volume = "8",
    number = "1",
    author = "Bin Wang, Angela Wang, Fenxiao Chen, Yuncheng Wang, C.-C. Jay Kuo",
    journal = "{APSIPA} Transactions on Signal and Information Processing"
}

@article{
    clt19,
    title = "How Character Limit Affects Language Usage in Tweets"
    author = "Arnout B. Boot, Erik Tjon Kim Sang, Katinka Dijkstra, Rolf A. Zwaan",
    journal = "Palgrave Communications",
    volume = "5",
    number = "76",
    year = "2019"
    doi = "10.1057/s41599-019-0280-3",
    url = "https://doi.org/10.1057/s41599-019-0280-3"
}   

@article{
    mds14,
    author = "Elia Bruni, Nam Khanh Tran, Marco Baroni},
    title = "Multimodal Distributional Semantics",
    year = "2014",
    issue_date = "January 2014",
    publisher = "AI Access Foundation",
    volume = "49",
    number = "1",
    doi = "10.1613/jair.4135",
    journal = "J. Artif. Int. Res.",
    pages = "1–47",
    numpages = "47"
}

