@misc{pivot19,
  author        = "{GeoCAT}",
  title         = "The Future of {NCL} and the {P}ivot to {P}ython",
  howpublished  = {\url{https://www.ncl.ucar.edu/Document/Pivot_to_Python}},
  note          = {Online; accessed 17 May 2022},
  year          = "2019",
}

@conference{ncl,
  author        = "Meier-Fleischer, Karin and Boettinger, Michael and Haley, Marey",
  year          = "2015",
  month         = "12-17 April"
  address       = "Vienna, Austria",
  title         = "{NCL-a workhorse for data analysis and visualization in climate
  research}",
  organization  = "{EGU General Assembly 2015},
}

@conference{pangeo18,
  author        = "Hamman, Joseph and Rocklin, Matthew and Abernathy, Ryan",
  year          = "2018",
  title         = "Pangeo: {A} big-data ecosystem for scalable earth system science",
  organization  = "EGU General Assembly Conference Abstracts",
}

@article{xarray17,
  author    = "Hoyer, Stephan and Hamman, Joseph",
  year      = "2017",
  title     = "xarray: ND labeled arrays and datasets in Python",
  journal   = "Journal of Open Research Software",
  volume    = "5",
  number    = "1",
}
