@article{lebofsky_croft_siemion_price_enriquez_isaacson_macmahon_anderson_brzycki_cobb_et al._2019, title={The Breakthrough Listen Search for Intelligent Life: Public Data, Formats, Reduction, and Archiving}, volume={131}, url={https://arxiv.org/abs/1906.07391}, DOI={10.1088/1538-3873/ab3e82}, number={1006}, journal={Publications of the Astronomical Society of the Pacific}, author={Lebofsky, Matthew and Croft, Steve and Siemion, Andrew P. V. and Price, Danny C. and Enriquez, J. Emilio and Isaacson, Howard and MacMahon, David H. E. and Anderson, David and Brzycki, Bryan and Cobb, Jeff and Czech, Daniel and DeBoer, David and DeMarines, Julia and Drew, Jamie and Foster, Griffin and Gajjar, Vishal and Gizani, Nectaria and Hellbourg, Greg and Korpela, Eric J. and Lacki, Brian}, year={2019}, month={Nov}, pages={124505} }

â€Œ@article{enriquez_2019, title={turboSETI: Python-based SETI search algorithm}, url={https://ui.adsabs.harvard.edu/abs/2019ascl.soft06006E/abstract}, journal={Astrophysics Source Code Library}, publisher={NASA ADS}, author={Enriquez, Emilio;Price Danny}, year={2019}, month={Jun}, pages={ascl:1906.006} }

@misc{numba_2022, title={numba/numba: NumPy aware dynamic Python compiler using LLVM}, url={https://github.com/numba/numba}, journal={GitHub}, author={numba}, year={2022}, month={May} }

@inproceedings{cupy_learningsys2017,
  author       = "Okuta, Ryosuke and Unno, Yuya and Nishino, Daisuke and Hido, Shohei and Loomis, Crissman",
  title        = "CuPy: A NumPy-Compatible Library for NVIDIA GPU Calculations",
  booktitle    = "Proceedings of Workshop on Machine Learning Systems (LearningSys) in The Thirty-first Annual Conference on Neural Information Processing Systems (NIPS)",
  year         = "2017",
  url          = "http://learningsys.org/nips17/assets/papers/paper_16.pdf"
}

@Article{         harris2020array,
 title         = {Array programming with {NumPy}},
 author        = {Charles R. Harris and K. Jarrod Millman and St{\'{e}}fan J.
                 van der Walt and Ralf Gommers and Pauli Virtanen and David
                 Cournapeau and Eric Wieser and Julian Taylor and Sebastian
                 Berg and Nathaniel J. Smith and Robert Kern and Matti Picus
                 and Stephan Hoyer and Marten H. van Kerkwijk and Matthew
                 Brett and Allan Haldane and Jaime Fern{\'{a}}ndez del
                 R{\'{i}}o and Mark Wiebe and Pearu Peterson and Pierre
                 G{\'{e}}rard-Marchant and Kevin Sheppard and Tyler Reddy and
                 Warren Weckesser and Hameer Abbasi and Christoph Gohlke and
                 Travis E. Oliphant},
 year          = {2020},
 month         = sep,
 journal       = {Nature},
 volume        = {585},
 number        = {7825},
 pages         = {357--362},
 doi           = {10.1038/s41586-020-2649-2},
 publisher     = {Springer Science and Business Media {LLC}},
 url           = {https://doi.org/10.1038/s41586-020-2649-2}
}