@article{zdr2021allowables,
  title={When Are Allowables Conservative?},
  author={del Rosario, Zachary and Fenrich, Richard W and Iaccarino, Gianluca},
  journal={AIAA Journal},
  volume={59},
  number={5},
  pages={1760-1772},
  year={2021},
  publisher={American Institute of Aeronautics and Astronautics},
  doi = "10.2514/1.J059578",
  url = {https://doi.org/10.2514/1.J059578}
}

@inproceedings{aggarwal2021qualitative,
  title={A Qualitative Study of Engineering Students' Reasoning About Statistical Variability},
  author={Aggarwal, Riya and Flynn, Mira and Daitzman, Sam and Lam, Diane and del Rosario, Zachary Riggins},
  booktitle={2021 Fall ASEE Middle Atlantic Section Meeting},
  year={2021}
}

@book{kahneman2021noise,
  title={Noise: A flaw in human judgment},
  author={Kahneman, Daniel and Sibony, Olivier and Sunstein, Cass R},
  year={2021},
  publisher={Little, Brown}
}

@article{freeman2014active,
  title     = {Active learning increases student performance in science,
                  engineering, and mathematics},
  author    = {Freeman, Scott and Eddy, Sarah L and McDonough, Miles and Smith,
                  Michelle K and Okoroafor, Nnadozie and Jordt, Hannah and
                  Wenderoth, Mary Pat},
  journal   = {Proceedings of the National Academy of Sciences},
  volume    = {111},
  number    = {23},
  pages     = {8410--8415},
  year      = {2014},
  publisher = {National Academy of Sciences},
  doi       = "10.1073/pnas.1319030111",
}

@article{wickham2019welcome,
  title={Welcome to the Tidyverse},
  author={Wickham, Hadley and Averick, Mara and Bryan, Jennifer and Chang, Winston and McGowan, Lucy D'Agostino and Fran{\c{c}}ois, Romain and Grolemund, Garrett and Hayes, Alex and Henry, Lionel and Hester, Jim and others},
  journal={Journal of Open Source Software},
  volume={4},
  number={43},
  pages={1686},
  year={2019},
  doi="10.21105/joss.01686"
}

@article{wickham2014tidy,
  title={Tidy data},
  author={Wickham, Hadley},
  journal={Journal of Statistical Software},
  volume={59},
  number={10},
  pages={1--23},
  year={2014},
  doi="10.18637/jss.v059.i10",
}

@article{mckinney2011pandas,
  title={pandas: a foundational Python library for data analysis and statistics},
  author={McKinney, Wes and others},
  journal={Python for High Performance and Scientific Computing},
  volume={14},
  number={9},
  year={2011},
  publisher={Seattle}
}

@article{zdr2020grama,
  doi = {10.21105/joss.02462},
  url = {https://doi.org/10.21105/joss.02462},
  year = {2020},
  publisher = {The Open Journal},
  volume = {5},
  number = {51},
  pages = {2462},
  author = {Zachary del Rosario},
  title = {Grama: A Grammar of Model Analysis},
  journal = {Journal of Open Source Software}
}
