@inproceedings{sener2018active,
  title={Active Learning for Convolutional Neural Networks: A Core-Set Approach},
  author={Sener, Ozan and Savarese, Silvio},
  booktitle={International Conference on Learning Representations},
  year={2018}
}

@inproceedings{yoo2019learning,
  title={Learning loss for active learning},
  author={Yoo, Donggeun and Kweon, In So},
  booktitle={Proceedings of the IEEE/CVF conference on computer vision and pattern recognition},
  pages={93--102},
  year={2019}
}

@inproceedings{smailagic2018medal,
  title={Medal: Accurate and robust deep active learning for medical image analysis},
  author={Smailagic, Asim and Costa, Pedro and Noh, Hae Young and Walawalkar, Devesh and Khandelwal, Kartik and Galdran, Adrian and Mirshekari, Mostafa and Fagert, Jonathon and Xu, Susu and Zhang, Pei and others},
  booktitle={2018 17th IEEE international conference on machine learning and applications (ICMLA)},
  pages={481--488},
  year={2018},
  organization={IEEE}
}

@inproceedings{he2016deep,
  title={Deep residual learning for image recognition},
  author={He, Kaiming and Zhang, Xiangyu and Ren, Shaoqing and Sun, Jian},
  booktitle={Proceedings of the IEEE conference on computer vision and pattern recognition},
  pages={770--778},
  year={2016}
}

@article{settles2009active,
  title={Active learning literature survey},
  author={Settles, Burr},
  year={2009},
  publisher={University of Wisconsin-Madison Department of Computer Sciences}
}

@article{angluin1988queries,
  title={Queries and concept learning},
  author={Angluin, Dana},
  journal={Machine learning},
  volume={2},
  number={4},
  pages={319--342},
  year={1988},
  publisher={Springer}
}

@article{atlas1989training,
  title={Training connectionist networks with queries and selective sampling},
  author={Atlas, Les and Cohn, David and Ladner, Richard},
  journal={Advances in neural information processing systems},
  volume={2},
  year={1989}
}

@inproceedings{lewis1994sequential,
  title={A sequential algorithm for training text classifiers},
  author={Lewis, David D and Gale, William A},
  booktitle={SIGIRâ€™94},
  pages={3--12},
  year={1994},
  organization={Springer}
}

@article{shannon1948mathematical,
  title={A mathematical theory of communication},
  author={Shannon, Claude Elwood},
  journal={The Bell system technical journal},
  volume={27},
  number={3},
  pages={379--423},
  year={1948},
  publisher={Nokia Bell Labs}
}

@article{wang2016cost,
  title={Cost-effective active learning for deep image classification},
  author={Wang, Keze and Zhang, Dongyu and Li, Ya and Zhang, Ruimao and Lin, Liang},
  journal={IEEE Transactions on Circuits and Systems for Video Technology},
  volume={27},
  number={12},
  pages={2591--2600},
  year={2016},
  publisher={IEEE}
}

@article{kingma2013auto,
  title={Auto-encoding variational bayes},
  author={Kingma, Diederik P and Welling, Max},
  journal={arXiv preprint arXiv:1312.6114},
  year={2013}
}

@article{kingma2019introduction,
  title={An introduction to variational autoencoders},
  author={Kingma, Diederik P and Welling, Max},
  journal={arXiv preprint arXiv:1906.02691},
  year={2019}
}

@article{budd2021survey,
  title={A survey on active learning and human-in-the-loop deep learning for medical image analysis},
  author={Budd, Samuel and Robinson, Emma C and Kainz, Bernhard},
  journal={Medical Image Analysis},
  volume={71},
  pages={102062},
  year={2021},
  publisher={Elsevier}
}