@book{hahn2011statistical,
  title={Statistical intervals: a guide for practitioners},
  author={Hahn, Gerald J and Meeker, William Q},
  volume={92},
  year={2011},
  publisher={John Wiley \& Sons}
}

@techreport{hanson2010applying,
  title={Applying Monte Carlo simulation to launch vehicle design and requirements analysis},
  author={Hanson, JM and Beard, BB},
  year={2010}
}

@inproceedings{rocklin2015dask,
  title={Dask: Parallel computation with blocked algorithms and task scheduling},
  author={Rocklin, Matthew},
  booktitle={Proceedings of the 14th python in science conference},
  volume={130},
  pages={136},
  year={2015},
  organization={Citeseer}
}

@article{saltelli2019so,
  title={Why so many published sensitivity analyses are false: A systematic review of sensitivity analysis practices},
  author={Saltelli, Andrea and Aleksankina, Ksenia and Becker, William and Fennell, Pamela and Ferretti, Federico and Holst, Niels and Li, Sushan and Wu, Qiongli},
  journal={Environmental modelling \& software},
  volume={114},
  pages={29--39},
  year={2019},
  publisher={Elsevier}
}

@article{sheikholeslami2020fresh,
  title={A fresh look at variography: measuring dependence and possible sensitivities across geophysical systems from any given data},
  author={Sheikholeslami, Razi and Razavi, Saman},
  journal={Geophysical Research Letters},
  volume={47},
  number={20},
  pages={e2020GL089829},
  year={2020},
  publisher={Wiley Online Library}
}

@article{virtanen2020scipy,
  title={SciPy 1.0: fundamental algorithms for scientific computing in Python},
  author={Virtanen, Pauli and Gommers, Ralf and Oliphant, Travis E and Haberland, Matt and Reddy, Tyler and Cournapeau, David and Burovski, Evgeni and Peterson, Pearu and Weckesser, Warren and Bright, Jonathan and others},
  journal={Nature methods},
  volume={17},
  number={3},
  pages={261--272},
  year={2020},
  publisher={Nature Publishing Group}
}
