@mastersthesis{zca,
  title={Learning multiple layers of features from tiny images},
  author={Krizhevsky, Alex and Hinton, Geoffrey},
  school={University of Toronto},
  year={2009}
}

@inproceedings{cilia,
  title={Towards an Unsupervised Spatiotemporal Representation of Cilia Video Using A Modular Generative Pipeline},
  author={Zain, Meekail and Rao, Sonia and Safir, Nathan and Wyner, Quinn and Humphrey, Isabella and Eldridge, Alex and Li, Chenxiao and AlAila, BahaaEddin and Quinn, Shannon},
  booktitle={Proceedings of the Python in Science Conference},
  year={2020}
}

@article {unet,
  author    = {Olaf Ronneberger and
               Philipp Fischer and
               Thomas Brox},
  title     = {U-Net: Convolutional Networks for Biomedical Image Segmentation},
  journal   = {CoRR},
  volume    = {abs/1505.04597},
  year      = {2015},
  url       = {http://arxiv.org/abs/1505.04597},
  archivePrefix = {arXiv},
  eprint    = {1505.04597},
  timestamp = {Mon, 13 Aug 2018 16:46:52 +0200},
  biburl    = {https://dblp.org/rec/journals/corr/RonnebergerFB15.bib},
  bibsource = {dblp computer science bibliography, https://dblp.org}
}

@article{sae,
  author={Xu, Jun and Xiang, Lei and Liu, Qingshan and Gilmore, Hannah and Wu, Jianzhong and Tang, Jinghai and Madabhushi, Anant},
  journal={IEEE Transactions on Medical Imaging}, 
  title={Stacked Sparse Autoencoder (SSAE) for Nuclei Detection on Breast Cancer Histopathology Images}, 
  year={2016},
  volume={35},
  number={1},
  pages={119-130},
  doi={10.1109/TMI.2015.2458702}}
  
@misc{scs, 
  title={Sharpened Cosine Distance as an Alternative for Convolutions},
  url={https://www.rpisoni.dev},
  journal={rpisoni.dev},
  author={Pisonir, Raphael},
  year={2022},
  month={Jan}} 

@article{SBD,
  author    = {Nicholas Watters and
               Lo{\"{\i}}c Matthey and
               Christopher P. Burgess and
               Alexander Lerchner},
  title     = {Spatial Broadcast Decoder: {A} Simple Architecture for Learning Disentangled
               Representations in VAEs},
  journal   = {CoRR},
  volume    = {abs/1901.07017},
  year      = {2019},
  url       = {http://arxiv.org/abs/1901.07017},
  eprinttype = {arXiv},
  eprint    = {1901.07017},
  timestamp = {Fri, 01 Feb 2019 13:39:59 +0100},
  biburl    = {https://dblp.org/rec/journals/corr/abs-1901-07017.bib},
  bibsource = {dblp computer science bibliography, https://dblp.org}
}
@article{ishikawa2017axoneme,
  title={Axoneme structure from motile cilia},
  author={Ishikawa, Takashi},
  journal={Cold Spring Harbor perspectives in biology},
  volume={9},
  number={1},
  pages={a028076},
  year={2017},
  publisher={Cold Spring Harbor Lab}
}
@article{li2018composite,
  title={A composite model of wound segmentation based on traditional methods and deep neural networks},
  author={Li, Fangzhao and Wang, Changjian and Liu, Xiaohui and Peng, Yuxing and Jin, Shiyao},
  journal={Computational intelligence and neuroscience},
  volume={2018},
  year={2018},
  publisher={Hindawi}
}
@article{quinn2015automated,
  title={Automated identification of abnormal respiratory ciliary motion in nasal biopsies},
  author={Quinn, Shannon P and Zahid, Maliha J and Durkin, John R and Francis, Richard J and Lo, Cecilia W and Chennubhotla, S Chakra},
  journal={Science translational medicine},
  volume={7},
  number={299},
  pages={299ra124--299ra124},
  year={2015},
  publisher={American Association for the Advancement of Science}
}
@article{charles,
  author    = {Charles Lu and
               M. Marx and
               M. Zahid and
               C. W. Lo and
               Chakra Chennubhotla and
               Shannon P. Quinn},
  title     = {Stacked Neural Networks for end-to-end ciliary motion analysis},
  journal   = {CoRR},
  volume    = {abs/1803.07534},
  year      = {2018},
  url       = {http://arxiv.org/abs/1803.07534},
  eprinttype = {arXiv},
  eprint    = {1803.07534},
  timestamp = {Mon, 15 Jun 2020 14:56:52 +0200},
  biburl    = {https://dblp.org/rec/journals/corr/abs-1803-07534.bib},
  bibsource = {dblp computer science bibliography, https://dblp.org}
}
@article{doornbos2021cell,
  title={Cell-based assay for ciliopathy patients to improve accurate diagnosis using ALPACA},
  author={Doornbos, Cenna and van Beek, Ronald and Bongers, Ernie MHF and Lugtenberg, Dorien and Klaren, Peter and Vissers, Lisenka ELM and Roepman, Ronald and Oud, Machteld M and others},
  journal={European Journal of Human Genetics},
  volume={29},
  number={11},
  pages={1677--1689},
  year={2021},
  publisher={Nature Publishing Group}
}
